<record><leader>00000cas a22000007a 4500</leader><controlfield tag="001">20085993</controlfield><controlfield tag="008">890728d18651866gauwr ne      0    0eng d</controlfield><datafield ind1=" " ind2=" " tag="010"><subfield code="a">sn 88054092 </subfield></datafield><datafield ind1=" " ind2=" " tag="040"><subfield code="a">NLG</subfield><subfield code="b">eng</subfield><subfield code="c">NLG</subfield><subfield code="d">CNK</subfield><subfield code="d">FUG</subfield><subfield code="d">OCLCQ</subfield><subfield code="d">GUA</subfield><subfield code="d">OCLCQ</subfield><subfield code="d">OCLCF</subfield><subfield code="d">OCLCO</subfield></datafield><datafield ind1="1" ind2=" " tag="029"><subfield code="a">AU@</subfield><subfield code="b">000020561522</subfield></datafield><datafield ind1=" " ind2=" " tag="042"><subfield code="a">msc</subfield></datafield><datafield ind1=" " ind2=" " tag="043"><subfield code="a">n-us-ga</subfield></datafield><datafield ind1="0" ind2=" " tag="130"><subfield code="a">Southern enterprise (Thomasville, Ga. : 1865)</subfield></datafield><datafield ind1="1" ind2="0" tag="245"><subfield code="a">Southern enterprise.</subfield></datafield><datafield ind1=" " ind2=" " tag="260"><subfield code="a">Thomasville, Ga. :</subfield><subfield code="b">Lucius C. Bryan,</subfield><subfield code="c">[1865-1866]</subfield></datafield><datafield ind1=" " ind2=" " tag="300"><subfield code="a">2 v.</subfield></datafield><datafield ind1=" " ind2=" " tag="310"><subfield code="a">Weekly</subfield></datafield><datafield ind1="0" ind2=" " tag="362"><subfield code="a">Vol. 5, no. 5 (Aug. 2, 1865)-v. 6, no. 50 (Dec. 20, 1866).</subfield></datafield><datafield ind1=" " ind2=" " tag="530"><subfield code="a">Also on microfilm: Athens, Ga: University of Georgia Libraries.</subfield></datafield><datafield ind1=" " ind2="0" tag="651"><subfield code="a">Thomasville (Ga.)</subfield><subfield code="v">Newspapers.</subfield></datafield><datafield ind1=" " ind2="0" tag="651"><subfield code="a">Thomas County (Ga.)</subfield><subfield code="v">Newspapers.</subfield></datafield><datafield ind1=" " ind2="7" tag="655"><subfield code="a">Newspapers.</subfield><subfield code="2">fast</subfield><subfield code="0">(OCoLC)fst01423814</subfield></datafield><datafield ind1=" " ind2="7" tag="651"><subfield code="a">Georgia</subfield><subfield code="z">Thomas County.</subfield><subfield code="2">fast</subfield><subfield code="0">(OCoLC)fst01206849</subfield></datafield><datafield ind1=" " ind2="7" tag="651"><subfield code="a">Georgia</subfield><subfield code="z">Thomasville.</subfield><subfield code="2">fast</subfield><subfield code="0">(OCoLC)fst01217759</subfield></datafield><datafield ind1=" " ind2=" " tag="752"><subfield code="a">United States</subfield><subfield code="b">Georgia</subfield><subfield code="c">Thomas</subfield><subfield code="d">Thomasville.</subfield></datafield><datafield ind1="0" ind2="0" tag="780"><subfield code="t">Enterprise (Thomasville, Ga.)</subfield><subfield code="w">(DLC)sn 88054093</subfield><subfield code="w">(OCoLC)20086234</subfield></datafield><datafield ind1="0" ind2="0" tag="785"><subfield code="t">Southern enterprise (Thomasville, Ga. : Semiweekly)</subfield><subfield code="w">(DLC)sn 88054091</subfield><subfield code="w">(OCoLC)20085811</subfield></datafield></record>